% This file was created with JabRef 2.10.
% Encoding: ISO8859_1


@Electronic{imager,
  Title                    = {Imager (Perl module)},
  Author                   = {Tony Cook},
  HowPublished             = {\url{http://search.cpan.org/~tonyc/Imager}},
  Url                      = {http://search.cpan.org/~tonyc/Imager},
  Year                     = {1999--2015},

  Owner                    = {kruegerh},
  Timestamp                = {2010.12.18}
}

@Electronic{exiftool,
  Title                    = {{Image::ExifTool} (Perl module)},
  Author                   = {Phil Harvey},
  HowPublished             = {\url{http://search.cpan.org/~exiftool/Image-ExifTool}},
  Url                      = {http://search.cpan.org/~exiftool/Image-ExifTool},
  Year                     = {2003--2016},

  Owner                    = {kruegerh},
  Timestamp                = {2009.06.12}
}

@Electronic{perltk,
  Title                    = {{Perl Tk}},
  Author                   = {Nick Ing-Simmons and Slaven Rezi{\'{c}}},
  HowPublished             = {\url{http://search.cpan.org/~srezic/Tk}},
  Url                      = {http://search.cpan.org/~srezic/Tk},
  Year                     = {1995--2015},

  Owner                    = {kruegerh},
  Timestamp                = {2009.06.12}
}

@Electronic{strawberryperl,
  Title                    = {{Strawberry Perl}},
  Author                   = {Adam Kennedy and others},
  HowPublished             = {\url{http://strawberryperl.com}, wiki: \url{http://win32.perl.org}},
  Url                      = {http://strawberryperl.com},

  Owner                    = {kruegerh},
  Timestamp                = {2010.12.18}
}

@Manual{gpligc,
  Title                    = {{GPLIGC \& OGIE}},

  Address                  = {Innsbruck},
  Author                   = {H. Kr{\"{u}}ger},
  Note                     = {\url{http://gpligc.sf.net}. Support: \url{http://sourceforge.net/projects/gpligc/support}. Mailing list: \url{https://lists.sourceforge.net/lists/listinfo/gpligc-announce}},
  Year                     = {2000--2016},

  HowPublished             = {\url{http://gpligc.sf.net}},
  Owner                    = {kruegerh},
  Timestamp                = {2009.06.12},
  Url                      = {http://gpligc.sf.net}
}

@Electronic{gsil,
  Title                    = {{GSIL: GPL Symbian IGC Logger}},

  Address                  = {Canberra},
  Author                   = {H. Kr{\"{u}}ger},
  HowPublished             = {\url{http://pc12-c714.uibk.ac.at/GSIL/GSIL.php}},
  Url                      = {http://pc12-c714.uibk.ac.at/GSIL/GSIL.php},
  Year                     = {2010},

  Owner                    = {kruegerh},
  Timestamp                = {2010.12.07}
}

@Electronic{leibacher,
  Title                    = {{Worldwide Soaring Turnpoint Exchange --- Airspace}},
  Author                   = {John Leibacher},
  HowPublished             = {\url{http://soaringweb.org/Airspace/HomePage.html}},
  Url                      = {http://soaringweb.org/Airspace/HomePage.html},

  Owner                    = {kruegerh},
  Timestamp                = {2009.06.12}
}

@Electronic{gpspoint,
  Title                    = {gpspoint},
  Author                   = {Thomas Schank},
  HowPublished             = {\url{http://pc12-c714.uibk.ac.at/gpspoint}},
  Url                      = {http://pc12-c714.uibk.ac.at/gpspoint},
  Year                     = {2003},

  Owner                    = {kruegerh},
  Timestamp                = {2009.06.12}
}

@Electronic{gnuplot,
  Title                    = {gnuplot},
  Author                   = {Thomas Williams and Colin Kelley and Russell Lang and Dave Kotz and John Campbell and Gershon Elber and Alexander Woo and others},
  HowPublished             = {\url{http://www.gnuplot.info}},
  Url                      = {http://www.gnuplot.info},
  Year                     = {1986--2016},

  Owner                    = {kruegerh},
  Timestamp                = {2009.06.12}
}

@Manual{activeperl,
  Title                    = {{ActivePerl}},

  Address                  = {Vancouver, Canada},
  Note                     = {\url{http://www.activestate.com/activeperl}},
  Organization             = {ActiveState Software Inc.},

  HowPublished             = {\url{http://www.activestate.com/activeperl}},
  Owner                    = {kruegerh},
  Timestamp                = {2009.06.12},
  Url                      = {http://www.activestate.com/activeperl}
}

@Electronic{cpan,
  Title                    = {{CPAN: Comprehensive Perl Archive Network}},
  HowPublished             = {\url{http://www.cpan.org}},
  Url                      = {http://www.cpan.org},

  Owner                    = {kruegerh},
  Timestamp                = {2009.06.12}
}

@Electronic{etopo2,
  Title                    = {{NGDC, ETOPO2 Global 2' Elevations}},
  HowPublished             = {\url{http://rda.ucar.edu/datasets/ds759.3/}},
  Url                      = {http://rda.ucar.edu/datasets/ds759.3/},

  Owner                    = {kruegerh},
  Timestamp                = {2009.06.12}
}

@Electronic{fink,
  Title                    = {{The Fink project}},
  HowPublished             = {\url{http://www.finkproject.org}},
  Url                      = {http://www.finkproject.org},

  Owner                    = {kruegerh},
  Timestamp                = {2009.06.12}
}

@Manual{fsf,
  Address                  = {Boston, USA},
  Note                     = {\url{http://www.fsf.org/}},
  Organization             = {Free Software Foundation, Inc.},

  HowPublished             = {\url{http://www.fsf.org/}},
  Owner                    = {kruegerh},
  Timestamp                = {2009.06.12},
  Url                      = {http://www.fsf.org/}
}

@Electronic{geocomm,
  Title                    = {{USGS DEM Resources}},
  HowPublished             = {\url{http://data.geocomm.com/dem/demdownload.html}},
  Url                      = {http://data.geocomm.com/dem/demdownload.html},

  Owner                    = {kruegerh},
  Timestamp                = {2009.06.12}
}

@Electronic{globe,
  Title                    = {{The Global Land One-km Base Elevation Project (GLOBE)}},
  HowPublished             = {\url{http://www.ngdc.noaa.gov/mgg/topo/globe.html}},
  Url                      = {http://www.ngdc.noaa.gov/mgg/topo/globe.html},

  Owner                    = {kruegerh},
  Timestamp                = {2009.06.12}
}

@Electronic{gpligctracker,
  Title                    = {{GPLIGC Project page at Sourceforge}},
  HowPublished             = {\url{http://sourceforge.net/projects/gpligc}},
  Url                      = {http://sourceforge.net/projects/gpligc},

  Owner                    = {kruegerh},
  Timestamp                = {2009.06.12}
}

@Electronic{gpsd,
  Title                    = {gpsd --- a {GPS} service daemon},
  HowPublished             = {\url{http://www.catb.org/gpsd/}},
  Url                      = {http://www.catb.org/gpsd/},

  Owner                    = {kruegerh},
  Timestamp                = {2009.06.12}
}

@Electronic{gtopo30,
  Title                    = {{GTOPO30}},
  HowPublished             = {\url{https://lta.cr.usgs.gov/GTOPO30}},
  Url                      = {https://lta.cr.usgs.gov/GTOPO30},

  Owner                    = {kruegerh},
  Timestamp                = {2009.06.12}
}

@Manual{igc,
  Title                    = {{International Gliding Commission}},

  Address                  = {Lausanne, Switzerland},
  Note                     = {\url{http://www.fai.org/gliding}},
  Organization             = {F\'ed\'eration A\'eronautique Internationale},

  HowPublished             = {\url{http://www.fai.org/gliding}},
  Owner                    = {kruegerh},
  Timestamp                = {2009.06.12},
  Url                      = {http://www.fai.org/gliding}
}

@Electronic{macosxos,
  Title                    = {{Apple MacOSX --- Unix \& Open Source downloads}},
  HowPublished             = {\url{http://www.apple.com/downloads/macosx/unix_open_source}},
  Url                      = {http://www.apple.com/downloads/macosx/unix_open_source},

  Owner                    = {kruegerh},
  Timestamp                = {2009.06.12}
}

@Electronic{mesa,
  Title                    = {{The Mesa 3D Graphics Library}},
  HowPublished             = {\url{http://www.mesa3d.org}},
  Url                      = {http://www.mesa3d.org},

  Owner                    = {kruegerh},
  Timestamp                = {2009.06.12}
}

@Electronic{osm,
  Title                    = {{The Free Wiki World Map}},
  HowPublished             = {\url{http://www.openstreetmap.org}, license: \url{http://creativecommons.org/licenses/by-sa/2.0/}},
  Url                      = {http://www.openstreetmap.org},

  Owner                    = {kruegerh},
  Timestamp                = {2010.12.17}
}

@Electronic{perl,
  Title                    = {The Perl Programming Language},
  HowPublished             = {\url{http://www.perl.org}},
  Url                      = {http://www.perl.org},

  Owner                    = {kruegerh},
  Timestamp                = {2009.06.12}
}

@Electronic{seamless,
  Title                    = {The national map},
  HowPublished             = {\url{http://nationalmap.gov/viewer.html}},
  Url                      = {http://nationalmap.gov/viewer.html},

  Owner                    = {kruegerh},
  Timestamp                = {2009.06.12}
}

@Electronic{srtm30plus,
  Title                    = {{SRTM30 PLUS Global Topography}},
  HowPublished             = {\url{http://topex.ucsd.edu/WWW_html/srtm30_plus.html}},
  Url                      = {http://topex.ucsd.edu/WWW_html/srtm30_plus.html},

  Owner                    = {kruegerh},
  Timestamp                = {2009.06.12}
}

@Electronic{srtmv2,
  Title                    = {{SRTM} Version 2},
  HowPublished             = {\url{http://dds.cr.usgs.gov/srtm/}},
  Url                      = {http://dds.cr.usgs.gov/srtm/},

  Owner                    = {kruegerh},
  Timestamp                = {2009.06.12}
}

@Electronic{gpsbabel,
  Title                    = {{GPSBabel: Free software for GPS data conversion and transfer}},
  HowPublished             = {\url{http://www.gpsbabel.org}},
  Url                      = {http://www.gpsbabel.org},
  Year                     = {2002--2016},

  Owner                    = {kruegerh},
  Timestamp                = {2010.12.12}
}

@Electronic{gimp,
  Title                    = {{GIMP - The GNU Image Manipulation Program}},
  HowPublished             = {\url{http://www.gimp.org}},
  Organization             = {{The Gimp Team}},
  Url                      = {http://www.gimp.org},
  Year                     = {2001--2016},

  Owner                    = {kruegerh},
  Timestamp                = {2010.12.19}
}

@Electronic{freeglut,
  Title                    = {{The freeglut Project}},
  HowPublished             = {\url{http://freeglut.sourceforge.net}},
  Url                      = {http://freeglut.sourceforge.net},
  Year                     = {1999--2015},

  Owner                    = {kruegerh},
  Timestamp                = {2009.06.12}
}

@Electronic{readdem,
  Title                    = {{read\_dem.c -- Convert USGS DEM files to LAS format}},
  HowPublished             = {\url{ftp://dbftp.essc.psu.edu/pub/code/read_dem.c}},
  Url                      = {ftp://dbftp.essc.psu.edu/pub/code/read_dem.c},
  Year                     = {1984--2009},

  Owner                    = {kruegerh},
  Timestamp                = {2009.06.12}
}

@comment{jabref-meta: selector_publisher:}

@comment{jabref-meta: selector_author:}

@comment{jabref-meta: selector_journal:}

@comment{jabref-meta: selector_keywords:}

